@misc{skabdataset,
  author = {Katser, Iurii D. and Kozitsin, Vyacheslav O.},
  title = {Skoltech Anomaly Benchmark (SKAB)},
  year = {2020},
  publisher = {Kaggle},
  howpublished = {https://www.kaggle.com/dsv/1693952},
  DOI = {10.34740/KAGGLE/DSV/1693952}
}
@article{Rotation2006Forest,
author = {Rodríguez, Juan and Kuncheva, Ludmila and Alonso, Carlos},
year = {2006},
month = {11},
pages = {1619-30},
title = {Rotation Forest: A New Classifier Ensemble Method},
volume = {28},
journal = {IEEE transactions on pattern analysis and machine intelligence},
doi = {10.1109/TPAMI.2006.211}
}
@book{han2012mining,
  author = {Han, Jiawei and Kamber, Micheline and Pei, Jian},
  keywords = {data mining tobuy},
  publisher = {Morgan Kaufmann Publishers},
  title = {Data mining concepts and techniques, third edition},
  year = 2012
}
@article{elhalwagy2022hybridization,
  title={Hybridization of Capsule and LSTM Networks for unsupervised anomaly detection on multivariate data},
  author={Elhalwagy, Ayman and Kalganova, Tatiana},
  journal={arXiv preprint arXiv:2202.05538},
  year={2022}
}
@inproceedings{lazarevic2005feature22,
  title={Feature bagging for outlier detection},
  author={Lazarevic, Aleksandar and Kumar, Vipin},
  booktitle={Proceedings of the eleventh ACM SIGKDD international conference on Knowledge discovery in data mining},
  pages={157--166},
  year={2005}
}
@article{pranavan2022contrastive,
  title={Contrastive predictive coding for Anomaly Detection in Multi-variate Time Series Data},
  author={Pranavan, Theivendiram and Sim, Terence and Ambikapathi, Arulmurugan and Ramasamy, Savitha},
  journal={arXiv preprint arXiv:2202.03639},
  year={2022}
}
@inproceedings{lazarevicKumar2005Featurebagging,
  author = {Lazarevic, Aleksandar and Kumar, Vipin},
  year = {2005},
  month = {01},
  pages = {157-166},
  title = {Feature bagging for outlier detection},
  volume = {21},
  booktitle = {booktitle={Proceedings of the eleventh ACM SIGKDD international conference on Knowledge discovery in data mining},},
  journal = {Proceedings of the ACM SIGKDD International Conference on Knowledge Discovery and Data Mining},
  doi = {10.1145/1081870.1081891}
}
@article{shahzad2013comparative,
  title={Comparative analysis of voting schemes for ensemble-based malware detection},
  author={Shahzad, Raja Khurram and Lavesson, Niklas},
  journal={Journal of Wireless Mobile Networks, Ubiquitous Computing, and Dependable Applications},
  volume={4},
  number={1},
  pages={98--117},
  year={2013},
  publisher={Innovative Information Science \& Technology Research Group}
}
@book{chandola2009anomaly,
  title={Anomaly detection for symbolic sequences and time series data},
  author={Chandola, Varun},
  year={2009},
  publisher={University of Minnesota}
}
@article{KeoghJessica2005,
author = {Keogh, Eamonn and Lin, Jessica},
year = {2005},
month = {08},
pages = {154-177},
title = {Clustering of time-series subsequences is meaningless: Implications for previous and future research},
volume = {8},
journal = {Knowledge and Information Systems},
doi = {10.1007/s10115-004-0172-7}
}
@article{HYNDMAN2002439,
title = {A state space framework for automatic forecasting using exponential smoothing methods},
journal = {International Journal of Forecasting},
volume = {18},
number = {3},
pages = {439-454},
year = {2002},
issn = {0169-2070},
doi = {https://doi.org/10.1016/S0169-2070(01)00110-8},
url = {https://www.sciencedirect.com/science/article/pii/S0169207001001108},
author = {Rob J Hyndman and Anne B Koehler and Ralph D Snyder and Simone Grose},
}
@article{Chandola,
author = {Chandola, Varun and Banerjee, Arindam and Kumar, Vipin},
year = {2009},
month = {07},
pages = {},
title = {Anomaly Detection: A Survey},
volume = {41},
journal = {ACM Comput. Surv.},
doi = {10.1145/1541880.1541882}
}
@article{markou2003novelty,
  title={Novelty detection: a review—part 2:: neural network based approaches},
  author={Markou, Markos and Singh, Sameer},
  journal={Signal processing},
  volume={83},
  number={12},
  pages={2499--2521},
  year={2003},
  publisher={Elsevier}
}
@inproceedings{knorr1999finding,
  title={Finding intensional knowledge of distance-based outliers},
  author={Knorr, Edwin M and Ng, Raymond T},
  booktitle={Vldb},
  volume={99},
  pages={211--222},
  year={1999},
  organization={Citeseer}
}

@book{hawkins1980identification,
  title={Identification of outliers},
  author={Hawkins, Douglas M},
  volume={11},
  year={1980},
  publisher={Springer}
}
@INPROCEEDINGS{TonyMingZhiHua2008IsolationForest,
  author={Liu, Fei Tony and Ting, Kai Ming and Zhou, Zhi-Hua},
  booktitle={2008 Eighth IEEE International Conference on Data Mining}, 
  title={Isolation Forest}, 
  year={2008},
  volume={},
  number={},
  pages={413-422},
  doi={10.1109/ICDM.2008.17}}
@inproceedings{MartinKriegelXiaowei1996DBSCAN1996,
author = {Ester, Martin and Kriegel, Hans-Peter and Sander, J\"{o}rg and Xu, Xiaowei},
title = {A Density-Based Algorithm for Discovering Clusters in Large Spatial Databases with Noise},
year = {1996},
publisher = {AAAI Press},
booktitle = {Proceedings of the Second International Conference on Knowledge Discovery and Data Mining},
pages = {226–231},
numpages = {6},
keywords = {efficiency on large spatial databases, handling nlj4-275oise, arbitrary shape of clusters, clustering algorithms},
location = {Portland, Oregon},
series = {KDD'96}
}
@article{vapnik1964class,
  title={A class of algorithms for pattern recognition learning},
  author={Vapnik, V and Chervonenkis, A Ya},
  journal={Avtomat. i Telemekh},
  volume={25},
  number={6},
  pages={937--945},
  year={1964}
}
@inproceedings{ocsvm1999anomalydetection,
author = {Sch\"{o}lkopf, Bernhard and Williamson, Robert and Smola, Alex and Shawe-Taylor, John and Platt, John},
title = {Support Vector Method for Novelty Detection},
year = {1999},
publisher = {MIT Press},
address = {Cambridge, MA, USA},
booktitle = {Proceedings of the 12th International Conference on Neural Information Processing Systems},
pages = {582–588},
numpages = {7},
location = {Denver, CO},
series = {NIPS'99}
}

@misc{Oord2016WaveNet,
  doi = {10.48550/ARXIV.1609.03499},
  
  url = {https://arxiv.org/abs/1609.03499},
  
  author = {Oord, Aaron van den and Dieleman, Sander and Zen, Heiga and Simonyan, Karen and Vinyals, Oriol and Graves, Alex and Kalchbrenner, Nal and Senior, Andrew and Kavukcuoglu, Koray},
  
  keywords = {Sound (cs.SD), Machine Learning (cs.LG), FOS: Computer and information sciences, FOS: Computer and information sciences},
  
  title = {WaveNet: A Generative Model for Raw Audio},
  
  publisher = {arXiv},
  
  year = {2016},
  
  copyright = {arXiv.org perpetual, non-exclusive license}
}
@article{HeZhangRen2015Residual,
  author    = {Kaiming He and
               Xiangyu Zhang and
               Shaoqing Ren and
               Jian Sun},
  title     = {Deep Residual Learning for Image Recognition},
  journal   = {CoRR},
  volume    = {abs/1512.03385},
  year      = {2015},
  url       = {http://arxiv.org/abs/1512.03385},
  eprinttype = {arXiv},
  eprint    = {1512.03385},
  timestamp = {Wed, 17 Apr 2019 17:23:45 +0200},
  biburl    = {https://dblp.org/rec/journals/corr/HeZRS15.bib},
}
@misc{Kingma2013WellingVAE,
  doi = {10.48550/ARXIV.1312.6114},
  
  url = {https://arxiv.org/abs/1312.6114},
  
  author = {Kingma, Diederik P and Welling, Max},
  
  keywords = {Machine Learning (stat.ML), Machine Learning (cs.LG), FOS: Computer and information sciences, FOS: Computer and information sciences},
  
  title = {Auto-Encoding Variational Bayes},
  
  publisher = {arXiv},
  
  year = {2013}
}

@misc{SergeyChristian2015BatchNormalization,
  doi = {10.48550/ARXIV.1502.03167},
  
  url = {https://arxiv.org/abs/1502.03167},
  
  author = {Ioffe, Sergey and Szegedy, Christian},
  
  keywords = {Machine Learning (cs.LG), FOS: Computer and information sciences, FOS: Computer and information sciences},
  
  title = {Batch Normalization: Accelerating Deep Network Training by Reducing Internal Covariate Shift},
  
  publisher = {arXiv},
  
  year = {2015},
  
  copyright = {arXiv.org perpetual, non-exclusive license}
}
@inproceedings{Chen_2016,
	doi = {10.1145/2939672.2939785},
  
	url = {https://doi.org/10.1145%2F2939672.2939785},
  
	year = 2016,
	month = {aug},
  
	publisher = {{ACM}
},
  
	author = {Tianqi Chen and Carlos Guestrin},
  
	title = {{XGBoost}},
  
	booktitle = {Proceedings of the 22nd {ACM} {SIGKDD} International Conference on Knowledge Discovery and Data Mining}
}
@article{grubbs1969procedures,
  title={Procedures for detecting outlying observations in samples},
  author={Grubbs, Frank E},
  journal={Technometrics},
  volume={11},
  number={1},
  pages={1--21},
  year={1969},
  publisher={Taylor \& Francis}
}
@inproceedings{Wei1989TimeSA,
  title={Time series analysis - univariate and multivariate methods},
  author={William W. S. Wei},
  year={1989}
}
@article{braei2020anomaly,
  title={Anomaly detection in univariate time-series: A survey on the state-of-the-art},
  author={Braei, Mohammad and Wagner, Sebastian},
  journal={arXiv preprint arXiv:2004.00433},
  year={2020}
}
@book{wei2018multivariate,
  title={Multivariate time series analysis and applications},
  author={Wei, William WS},
  year={2018},
  publisher={John Wiley \& Sons}
}
@article{LSTM1997HochreiterSchmidhuber,
    author = {Hochreiter, Sepp and Schmidhuber, Jürgen},
    title = "{Long Short-Term Memory}",
    journal = {Neural Computation},
    volume = {9},
    number = {8},
    pages = {1735-1780},
    year = {1997},
    month = {11},
    issn = {0899-7667},
    doi = {10.1162/neco.1997.9.8.1735},
    url = {https://doi.org/10.1162/neco.1997.9.8.1735},
    eprint = {https://direct.mit.edu/neco/article-pdf/9/8/1735/813796/neco.1997.9.8.1735.pdf},
}
@book{hyndman2018forecasting,
  title={Forecasting: principles and practice},
  author={Hyndman, Rob J and Athanasopoulos, George},
  year={2018},
  publisher={OTexts}
}
@book{wei2006time,
  title={Time Series Analysis: Univariate and Multivariate Methods},
  author={Wei, W.W.S.},
  isbn={9780321322166},
  lccn={2004058701},
  series={Time Series Analysis: Univariate and Multivariate Methods},
  url={https://books.google.gr/books?id=aY0QAQAAIAAJ},
  year={2006},
  publisher={Pearson Addison Wesley}
}
@article{ChoMerrienboer2014GRURNN,
  author    = {Kyunghyun Cho and
               Bart van Merrienboer and
               {\c{C}}aglar G{\"{u}}l{\c{c}}ehre and
               Fethi Bougares and
               Holger Schwenk and
               Yoshua Bengio},
  title     = {Learning Phrase Representations using {RNN} Encoder-Decoder for Statistical
               Machine Translation},
  journal   = {CoRR},
  volume    = {abs/1406.1078},
  year      = {2014},
  url       = {http://arxiv.org/abs/1406.1078},
  eprinttype = {arXiv},
  eprint    = {1406.1078},
  timestamp = {Mon, 13 Aug 2018 16:46:44 +0200}
}
@article{Singh2003Novelty,
author = {Markou, Markos and Singh, Manjeet},
year = {2003},
month = {12},
pages = {2481-2497},
title = {Novelty detection: A review—Part 1: Statistical Approaches},
volume = {83},
journal = {Signal Processing},
doi = {10.1016/j.sigpro.2003.07.018}
}